@book{bue_1,
	author = {Christina Büsing}
	year = {2010}
	title = {Graphen -- und Netzwerkoptimierung}
	publisher = {Spektrum Akademischer Verlag}
	pages = {}
}

@book{bue_2,
	author = {Christina Büsing}
	year = {2010}
	title = {Graphen -- und Netzwerkoptimierung}
	publisher = {Spektrum Akademischer Verlag}
	pages = {}
}

@book{bue_3,
	author = {Christina Büsing}
	year = {2010}
	title = {Graphen -- und Netzwerkoptimierung}
	publisher = {Spektrum Akademischer Verlag}
	pages = {}
}

@book{bue_4,
	author = {Christina Büsing}
	year = {2010}
	title = {Graphen -- und Netzwerkoptimierung}
	publisher = {Spektrum Akademischer Verlag}
	pages = {}

}

@book{bue_5,
	author = {Christina Büsing}
	year = {2010}
	title = {Graphen -- und Netzwerkoptimierung}
	publisher = {Spektrum Akademischer Verlag}
	pages = {}

}

@book{bue_6,
	author = {Christina Büsing}
	year = {2010}
	title = {Graphen -- und Netzwerkoptimierung}
	publisher = {Spektrum Akademischer Verlag}
	pages = {}

}

@book{bue_7,
	author = {Christina Büsing}
	year = {2010}
	title = {Graphen -- und Netzwerkoptimierung}
	publisher = {Spektrum Akademischer Verlag}
	pages = {}

}

@book{bue_8,
	author = {Christina Büsing}
	year = {2010}
	title = {Graphen -- und Netzwerkoptimierung}
	publisher = {Spektrum Akademischer Verlag}
	pages = {}
}
